00100000         2171776800001168415011800006       0153340000000587117 CROSBY D CONFECCAO LTDA       BANCO DO BRASIL S.A.                    22407202502595400110703001600518938903                                                            
00100011E0440020 2171776800001168415011800006       0153340000000587117 CROSBY D CONFECCAO LTDA                                               23072025000000000000072294CFBRL00109                                                              
0010001300001E   2171776800001168415011800006       0153340000000587117 CROSBY D CONFECCAO LTDA                                      S2407202524072025000000000002653662C2070677DESCONTO TITULO          002229135007511                        
0010001300002E   2171776800001168415011800006       0153340000000587117 CROSBY D CONFECCAO LTDA                                      S2407202524072025000000000002500000D1170144PIX - ENVIADO            0072401                                
0010001300003E   2171776800001168415011800006       0153340000000587117 CROSBY D CONFECCAO LTDA                                      S2407202524072025000000000000015000D1050262DESC TITULO DIG          2229135                                
0010001300004E   2171776800001168415011800006       0153340000000587117 CROSBY D CONFECCAO LTDA                                      S2407202524072025000000000000000198D1040124COBRANCA                 001811117017019                        
0010001300005E   2171776800001168415011800006       0153340000000587117 CROSBY D CONFECCAO LTDA                                      S2407202524072025000000000000000125D1050263TARIFA EXTRATO           882051200090273                        
0010001300006E   2171776800001168415011800006       0153340000000587117 CROSBY D CONFECCAO LTDA                                      S2407202524072025000000000000000311D1040258TARIFA PIX               892051200142205                        
00100015         2171776800001168415011800006       0153340000000587117 CROSBY D CONFECCAO LTDA           00000000000010000000000000000000000024072025000000000000210322CF000008000000000002515634000000000002653662                            
00199999         000001000010000001                                                                                                                                                                                                             
