00400000         2335920920001030000000000003569361200035300000006936122IRMAOS CR VESTUARIO LTDA      BANCO DO NORDESTE                       20208202504105900022408706250                                                                     
00400011E0440033 2335920920001030000000000003569361200035300000006936122IRMAOS CR VESTUARIO LTDA                                              25072025000000000000052640CFBRL00224                                                              
0040001300001E   2335920920001030000000000003569361200035300000006936122IRMAOS CR VESTUARIO LTDA               00                    S0108202501082025000000000000010500D1050834TARIFA PACOTE DE TARIFAS 008227                                 
00400015         2335920920001030000000000003569361200035300000006936122                00000000000000000000000000000000000000000000000000000001082025000000000000042140CF000003000000000000010500000000000000000000                            
00499999         000001000005000001                                                                                                                                                                                                             
