23700000         227728810000115000000000000000760420282150000002492865 FABIO FERREIRA DE LIMA AZEVEDOBRADESCO S/A                            20508202512124500781405001600                                                         76042       
23778141E0440050 227728810000115000000000000000760420282150000002492865 FABIO FERREIRA DE LIMA AZEVEDO                                        05082025000000000003000000DFBRL07814                                                              
2370002300001E0  227728810000115000000000000000760420282150000002492865 FABIO FERREIRA DE LIMA AZEVEDO      SCR00                    N0000000005082025000000000000124668D1020822MORA CONTA GARANTIDA     0249286                               0
23700035         227728810000115000000000000000760420282150000002492865                 00000000000000000000000000000000000000000000000000000005082025000000000003124668DP000003000000000000124668000000000000000000                            
23799999         000003000005000001                                                                                                                                                                                                             
