10400000         2171776800001160000000000000002766702044300300000460944CROSBY CR VESTUARIO LTDA      CAIXA ECONOMICA FEDERAL                 21408202503084900113403006250                                                                     
10400011E0440020 2171776800001160000000000000002766702044300300000460944CROSBY CR VESTUARIO LTDA                                              13082025000000000000529671DFBRL00001                                                              
1040001300001E   2171776800001160000000000000002766702044300300000460944CROSBY CR VESTUARIO LTDA                                              13082025000000000000364042D125008 DEB PARC EMPREST PESSOAL 00000000000                            
1040001300002E   2171776800001160000000000000002766702044300300000460944CROSBY CR VESTUARIO LTDA                                              13082025000000000000000040D105015 TAR EXT EL               00000010000                            
10400015         2171776800001160000000000000002766702044300300000460944CROSBY CR VESTUARIO LTDA          00000000000000000000000000000000000013082025000000000000893753DF000004000000000000364082000000000000000000                            
10499999         000001000006000001                                                                                                                                                                                                             
