10400000         2171776800001160000000000000002766702044300300000460944CROSBY CR VESTUARIO LTDA      CAIXA ECONOMICA FEDERAL                 22407202503234900111903006250                                                                     
10400011E0440020 2171776800001160000000000000002766702044300300000460944CROSBY CR VESTUARIO LTDA                                              23072025000000000000133478CFBRL00001                                                              
1040001300001E   2171776800001160000000000000002766702044300300000460944CROSBY CR VESTUARIO LTDA                                              23072025000000000000600000C209010 PIX RECEBIDO             02315010000                            
1040001300002E   2171776800001160000000000000002766702044300300000460944CROSBY CR VESTUARIO LTDA                                              23072025000000000000100000C209010 PIX RECEBIDO             02315020000                            
1040001300003E   2171776800001160000000000000002766702044300300000460944CROSBY CR VESTUARIO LTDA                                              23072025000000000000000020D105015 TAR EXT EL               00000010000                            
10400015         2171776800001160000000000000002766702044300300000460944CROSBY CR VESTUARIO LTDA          00000000000000000000000000000000000023072025000000000000833458CF000005000000000000000020000000000000700000                            
10499999         000001000007000001                                                                                                                                                                                                             
