74800000         233592092000103                    0220710000000367346 IRMAOS CR VESTUARIO LTDA      COOP. CRED. SICREDI RIO GRANDE          218082025055015131780087                                                                          
74800011E0440032 233592092000103                    0220710000000367346 IRMAOS CR VESTUARIO LTDA                                              15082025000000000001977940DPBRL00273                                                              
7480001300001E   233592092000103                    0220710000000367346 IRMAOS CR VESTUARIO LTDA            DPV0174822071            N1808202518082025000000000000013927D1040278DEBITO CONVENIOS         PMJOAOPES 03795072000160 PMJOAOPES     
7480001300002E   233592092000103                    0220710000000367346 IRMAOS CR VESTUARIO LTDA            DPV0174822071            N1808202518082025000000000000068831D1040278DEBITO CONVENIOS         PMJOAOPES 03795072000160 PMJOAOPES     
7480001300003E   233592092000103                    0220710000000367346 IRMAOS CR VESTUARIO LTDA            DPV0174822071            N1808202518082025000000000000100000C2090CX1RECEBIMENTO PIX SICREDI  CX261924  17177680000116 CROSBY CR VEST
74800015         233592092000103                    0220710000000367346                 00000000000000000000000000000200000000000000000000000018082025000000000001960698DP000005000000000000082758000000000000100000                            
74899999         000001000007000001                                                                                                                                                                                                             
