03300000         2277288100001150033454300870048238304543 0000130068824 FABIO FERREIRA DE LIMA AZEVEDOSANTANDER BANESPA                       22008202505185800082909001600                                                                     
03300011E0440033 2277288100001150033454300870048238304543 0000130068824 FABIO FERREIRA DE LIMA AZEVEDO                                        15082025000000000005986266DFBRL00829000000000000000000000000000000000000                          
0330002300270E   2277288100001150033454300870048238304543 0000130068824 FABIO FERREIRA DE LIMA AZEVEDO      CDS0000000000000000000   N1808202518082025000000000000031000C2093988PIX RECEBIDO             00000027728810000115           194100  
0330002300271E   2277288100001150033454300870048238304543 0000130068824 FABIO FERREIRA DE LIMA AZEVEDO      CDS0000000000000000000   N1808202518082025000000000000031000D1050358TARIFA MENSALIDADE PACOTE000000 JULHO / 2025            194100  
03300035         2277288100001150000000000000598626604543 0000130068824                 00000000000000000000000000000600000000000000000000000018082025000000000000010179DF0000040000000000000310000000000000000310000000000000000000000000000000
03399999         000001000006000001                                                                                                                                                                                                             
