34100000         217177680000116               77900065300000000027061 7CROSBY DIST CONFEC EIRELI ME  BANCO ITAU S/A                          21208202504241400123805000000                                                                     
34100011E0440050 217177680000116               77900065300000000027061 7CROSBY DIST CONFEC EIRELI ME                                          08082025000000000005326172DPBRL01238                                                              
3410001300001E1  217177680000116000000         77900065300000000027061 7CROSBY DIST CONFEC EIRELI ME        DPV0100009132000000000000S        11082025000000000000002920D1040071RSHOP-KALUNGA SHO-001115                                  000000
3410001300002E1  217177680000116000000         77900065300000000027061 7CROSBY DIST CONFEC EIRELI ME        DPV0100009130000000000000S        11082025000000000005380000D1120069SISPAG FORNECEDORES                                       000000
3410001300003E1  217177680000116000000         77900065300000000027061 7CROSBY DIST CONFEC EIRELI ME        DPV0100009122000000000000S        11082025000000000000000980C2050093REDE   ELO  DB0101436173                                  000000
3410001300004E1  217177680000116000000         77900065300000000027061 7CROSBY DIST CONFEC EIRELI ME        DPV0100009120000000000000S        11082025000000000000371614C2050093REDE   MAST AT0085533173                                  000000
3410001300005E1  217177680000116000000         77900065300000000027061 7CROSBY DIST CONFEC EIRELI ME        DPV0100009120000000000000S        11082025000000000000252017C2050093REDE   MAST AT0101436173                                  000000
3410001300006E1  217177680000116000000         77900065300000000027061 7CROSBY DIST CONFEC EIRELI ME        DPV0100009126000000000000S        11082025000000000000054396C2050093REDE   MAST DB0101436173                                  000000
3410001300007E1  217177680000116000000         77900065300000000027061 7CROSBY DIST CONFEC EIRELI ME        DPV0100009327000000000000S        11082025000000000000097921C2050093REDE   MAST DB0102536023                                  000000
3410001300008E1  217177680000116000000         77900065300000000027061 7CROSBY DIST CONFEC EIRELI ME        DPV0100009953000000000000S        11082025000000000000476383C2050093REDE   MAST AT0102536023                                  000000
3410001300009E1  217177680000116000000         77900065300000000027061 7CROSBY DIST CONFEC EIRELI ME        DPV0100009014000000000000S        11082025000000000000117024C2050093REDE   VISA DB0101436173                                  000000
3410001300010E1  217177680000116000000         77900065300000000027061 7CROSBY DIST CONFEC EIRELI ME        DPV0100009121000000000000S        11082025000000000000055042C2050093REDE   VISA DB0102536023                                  000000
3410001300011E1  217177680000116000000         77900065300000000027061 7CROSBY DIST CONFEC EIRELI ME        DPV0100009131000000000000S        11082025000000000000147948C2050093REDE   VISA AT0101436173                                  000000
3410001300012E1  217177680000116000000         77900065300000000027061 7CROSBY DIST CONFEC EIRELI ME        DPV0100009132000000000000S        11082025000000000000128564C2050093REDE   VISA AT0085533173                                  000000
3410001300013E1  217177680000116000000         77900065300000000027061 7CROSBY DIST CONFEC EIRELI ME        DPV0100009132000000000000S        11082025000000000000310300C2050093REDE   VISA AT0086796240                                  000000
3410001300014E1  217177680000116000000         77900065300000000027061 7CROSBY DIST CONFEC EIRELI ME        DPV0100009132000000000000S        11082025000000000000266634C2050093REDE   VISA AT0102536023                                  000000
3410001300015E1  217177680000116000000         77900065300000000027061 7CROSBY DIST CONFEC EIRELI ME        DPV0100009130000000000000S        11082025000000000000026950C2230000PIX QRS ALEXANDRA Q09/08                                  000000
3410001300016E1  217177680000116000000         77900065300000000027061 7CROSBY DIST CONFEC EIRELI ME        DPV0100009014000000000000S        11082025000000000000003000C2230000PIX QRS C F FREITAS11/08                                  000000
3410001300017E1  217177680000116000000         77900065300000000027061 7CROSBY DIST CONFEC EIRELI ME        DPV0100009132000000000000S        11082025000000000000009000C2230000PIX QRS CRISTINA RA09/08                                  000000
3410001300018E1  217177680000116000000         77900065300000000027061 7CROSBY DIST CONFEC EIRELI ME        DPV0100009773000000000000S        11082025000000000000016900C2230000PIX QRS FABIO ALVES10/08                                  000000
3410001300019E1  217177680000116000000         77900065300000000027061 7CROSBY DIST CONFEC EIRELI ME        DPV0100009779000000000000S        11082025000000000000016900C2230000PIX QRS JOILDO MEND09/08                                  000000
3410001300020E1  217177680000116000000         77900065300000000027061 7CROSBY DIST CONFEC EIRELI ME        DPV0100009026000000000000S        11082025000000000000007865C2230000PIX QRS KHRISTIANNA10/08                                  000000
3410001300021E1  217177680000116000000         77900065300000000027061 7CROSBY DIST CONFEC EIRELI ME        DPV0100009121000000000000S        11082025000000000000054720C2230000PIX QRS LUDJA ROCHA09/08                                  000000
3410001300022E1  217177680000116000000         77900065300000000027061 7CROSBY DIST CONFEC EIRELI ME        DPV0100009122000000000000S        11082025000000000000014900C2230000PIX QRS LUDJA ROCHA09/08                                  000000
3410001300023E1  217177680000116000000         77900065300000000027061 7CROSBY DIST CONFEC EIRELI ME        DPV0100009122000000000000S        11082025000000000000009200C2230000PIX QRS Marcos Andr10/08                                  000000
3410001300024E1  217177680000116000000         77900065300000000027061 7CROSBY DIST CONFEC EIRELI ME        DPV0100009125000000000000S        11082025000000000000017005C2230000PIX QRS Maria Nilda10/08                                  000000
3410001300025E1  217177680000116000000         77900065300000000027061 7CROSBY DIST CONFEC EIRELI ME        DPV0100009132000000000000S        11082025000000000000014900C2230000PIX QRS Mundial lan10/08                                  000000
3410001300026E1  217177680000116000000         77900065300000000027061 7CROSBY DIST CONFEC EIRELI ME        DPV0100009779000000000000S        11082025000000000000014455C2230000PIX QRS Raimundo El11/08                                  000000
3410001300027E1  217177680000116000000         77900065300000000027061 7CROSBY DIST CONFEC EIRELI ME        DPV0100009779000000000000S        11082025000000000000001000C2230000PIX QRS RICARDO JOS11/08                                  000000
3410001300028E1  217177680000116000000         77900065300000000027061 7CROSBY DIST CONFEC EIRELI ME        DPV0100009136000000000000S        11082025000000000000008465C2230000PIX QRS SIMONE MARI09/08                                  000000
3410001300029E1  217177680000116000000         77900065300000000027061 7CROSBY DIST CONFEC EIRELI ME        DPV0100009125000000000000S        11082025000000000000019760C2230000PIX QRS THALITA C R09/08                                  000000
3410001300030E1  217177680000116000000         77900065300000000027061 7CROSBY DIST CONFEC EIRELI ME        DPV0100009014000000000000S        11082025000000000000008455C2230000PIX QRS WALLISSON B09/08                                  000000
3410001300031E1  217177680000116000000         77900065300000000027061 7CROSBY DIST CONFEC EIRELI ME        DPV0100009026000000000000S        11082025000000000000046800C2230000PIX QRS WELSON RODR09/08                                  000000
3410001300032E1  217177680000116000000         77900065300000000027061 7CROSBY DIST CONFEC EIRELI ME        DPV0100009779000000000000S        11082025000000000000453291C2090007PIX TRANSF  CROSBY 09/08                                  000000
3410001300033E1  217177680000116000000         77900065300000000027061 7CROSBY DIST CONFEC EIRELI ME        DPV0100009136000000000000S        11082025000000000000027140C2090007PIX TRANSF  CROSBY 09/08                                  000000
3410001300034E1  217177680000116000000         77900065300000000027061 7CROSBY DIST CONFEC EIRELI ME        DPV0100009029000000000000S        11082025000000000000003259C2090007PIX TRANSF  CROSBY 09/08                                  000000
3410001300035E1  217177680000116000000         77900065300000000027061 7CROSBY DIST CONFEC EIRELI ME        DPV0100009953000000000000S        11082025000000000000442885C2090007PIX TRANSF  CROSBY 09/08                                  000000
3410001300036E1  217177680000116000000         77900065300000000027061 7CROSBY DIST CONFEC EIRELI ME        DPV0100009120000000000000S        11082025000000000000064695C2090007PIX TRANSF  CROSBY 09/08                                  000000
3410001300037E1  217177680000116000000         77900065300000000027061 7CROSBY DIST CONFEC EIRELI ME        DPV0100009122000000000000S        11082025000000000000139969C2090007PIX TRANSF  CROSBY 09/08                                  000000
3410001300038E1  217177680000116000000         77900065300000000027061 7CROSBY DIST CONFEC EIRELI ME        DPV0100009131000000000000S        11082025000000000000048225C2090007PIX TRANSF  CROSBY 09/08                                  000000
3410001300039E1  217177680000116000000         77900065300000000027061 7CROSBY DIST CONFEC EIRELI ME        DPV0100009128000000000000S        11082025000000000000099798C2090007PIX TRANSF  CROSBY 09/08                                  000000
3410001300040E1  217177680000116000000         77900065300000000027061 7CROSBY DIST CONFEC EIRELI ME        DPV0100009925000000000000S        11082025000000000000022200C2090007PIX TRANSF  CROSBY 10/08                                  000000
3410001300041E1  217177680000116000000         77900065300000000027061 7CROSBY DIST CONFEC EIRELI ME        DPV0100009773000000000000S        11082025000000000000036899C2090007PIX TRANSF  CROSBY 10/08                                  000000
3410001300042E1  217177680000116000000         77900065300000000027061 7CROSBY DIST CONFEC EIRELI ME        DPV0100009014000000000000S        11082025000000000000025150C2090007PIX TRANSF  CROSBY 10/08                                  000000
3410001300043E1  217177680000116000000         77900065300000000027061 7CROSBY DIST CONFEC EIRELI ME        DPV0100009122000000000000S        11082025000000000000032825C2090007PIX TRANSF  CROSBY 10/08                                  000000
3410001300044E1  217177680000116000000         77900065300000000027061 7CROSBY DIST CONFEC EIRELI ME        DPV0100009779000000000000S        11082025000000000000051655C2090007PIX TRANSF  CROSBY 11/08                                  000000
3410001300045E1  217177680000116000000         77900065300000000027061 7CROSBY DIST CONFEC EIRELI ME        DPV0100009925000000000000S        11082025000000000000174036C2090007PIX TRANSF  CROSBY 11/08                                  000000
3410001300046E1  217177680000116000000         77900065300000000027061 7CROSBY DIST CONFEC EIRELI ME        DPV0100009773000000000000S        11082025000000000000020000C2090007PIX TRANSF  CROSBY 11/08                                  000000
3410001300047E1  217177680000116000000         77900065300000000027061 7CROSBY DIST CONFEC EIRELI ME        DPV0100009014000000000000S        11082025000000000000032590C2090007PIX TRANSF  CROSBY 11/08                                  000000
3410001300048E1  217177680000116000000         77900065300000000027061 7CROSBY DIST CONFEC EIRELI ME        DPV0100009129000000000000S        11082025000000000000056328C2090007PIX TRANSF  CROSBY 11/08                                  000000
3410001300049E1  217177680000116000000         77900065300000000027061 7CROSBY DIST CONFEC EIRELI ME        DPV0100009127000000000000S        11082025000000000000059193C2090007PIX TRANSF  CROSBY 11/08                                  000000
3410001300050E1  217177680000116000000         77900065300000000027061 7CROSBY DIST CONFEC EIRELI ME        DPV0100009953000000000000S        11082025000000000001000000C2090007PIX TRANSF  JOSE CA09/08                                  000000
3410001300051E1  217177680000116000000         77900065300000000027061 7CROSBY DIST CONFEC EIRELI ME        DPV0100009130000000000000S        11082025000000000000001802C2090007PIX TRANSF  MATNAT 11/08                                  000000
3410001300052E1  217177680000116000000         77900065300000000027061 7CROSBY DIST CONFEC EIRELI ME        DPV0100009779000000000000S        11082025000000000000012100C2090007PIX TRANSF  PATRICI09/08                                  000000
3410001300053E1  217177680000116000000         77900065300000000027061 7CROSBY DIST CONFEC EIRELI ME        DPV                      S1108202511082025000000000000022392D1120069DA  CLARO RESID 33388792                                  000000
34100015         217177680000116               77900065300000000027061 7                00000000000000000000000000000000000000000000000000000011082025000000000005358346DP0000550000000000054053120000000000053731380000000000000000000000000000
34199999         000001000057000001                                                                                                                                                                                                             
