03300000         2277288100001150033454300870048238304543 0000130068824 FABIO FERREIRA DE LIMA AZEVEDOSANTANDER BANESPA                       21908202505145400082809001600                                                                     
03300011E0440033 2277288100001150033454300870048238304543 0000130068824 FABIO FERREIRA DE LIMA AZEVEDO                                        14082025000000000005984196DFBRL00828000000000000340854000000000000000000                          
0330002300267E   2277288100001150033454300870048238304543 0000130068824 FABIO FERREIRA DE LIMA AZEVEDO      CDS0000000000000000000   N1508202515082025000000000000002070D1052609TAR EXTRATO CONCILIACAO B872383                         041800  
0330002300268E   2277288100001150033454300870048238304543 0000130068824 FABIO FERREIRA DE LIMA AZEVEDO      CDS0000000000000000000   N1508202515082025000000000000335003C2093988PIX RECEBIDO             00000027728810000115           182600  
0330002300269E   2277288100001150033454300870048238304543 0000130068824 FABIO FERREIRA DE LIMA AZEVEDO      CDS0000000000000000000   N1508202515082025000000000000151414D1073157PARCELA OPERACAO REPASSE 00000060338650-01/027-A        202200  
0330002300270E   2277288100001150033454300870048238304543 0000130068824 FABIO FERREIRA DE LIMA AZEVEDO      CDS0000000000000000000   N1508202515082025000000000000053838D1073157PARCELA OPERACAO REPASSE 00000060338749-01/027-A        202200  
0330002300271E   2277288100001150033454300870048238304543 0000130068824 FABIO FERREIRA DE LIMA AZEVEDO      CDS0000000000000000000   N1508202515082025000000000000086169D1073157PARCELA OPERACAO REPASSE 00000060342899-01/021-A        202200  
0330002300272E   2277288100001150033454300870048238304543 0000130068824 FABIO FERREIRA DE LIMA AZEVEDO      CDS0000000000000000000   N1508202515082025000000000000025457D1073157PARCELA OPERACAO REPASSE 00000060351290-01/005-A        202200  
0330002300273E   2277288100001150033454300870048238304543 0000130068824 FABIO FERREIRA DE LIMA AZEVEDO      CDS0000000000000000000   N1508202515082025000000000000018125D1073157PARCELA OPERACAO REPASSE 00000060352183-01/003-A        202200  
03300035         2277288100001150000000000000598626604543 0000130068824                 00000000000000000000000000000600000000000000000000000015082025000000000000013734DF0000090000000000003370730000000000003350030000000000000000000000000000
03399999         000001000011000001                                                                                                                                                                                                             
