03300000         217177680000116003315750087004830530157500000130005995 CROSBY CR VESTUARIO LTDA      SANTANDER BANESPA                       21908202505145400082509001600                                                                     
03300011E0440033 217177680000116003315750087004830530157500000130005995 CROSBY CR VESTUARIO LTDA                                              15082025000000000002606808DFBRL00825000000000000000000000000000000000000                          
0330002300253E   217177680000116003315750087004830530157500000130005995 CROSBY CR VESTUARIO LTDA            CDS0000000000000000000   N1808202518082025000000000000007192D1073789DEBITO EMPRESTIMO        023610PARC 004/030 300000023610004800  
0330002300254E   217177680000116003315750087004830530157500000130005995 CROSBY CR VESTUARIO LTDA            CDS0000000000000000000   N1808202518082025000000000000083334C2131320TRANSF VALORES MESMA TITU000000                         120500  
0330002300255E   217177680000116003315750087004830530157500000130005995 CROSBY CR VESTUARIO LTDA            CDS0000000000000000000   N1808202518082025000000000000083334D1073789DEBITO EMPRESTIMO        023610PARC 004/030 300000023610120500  
0330002300256E   217177680000116003315750087004830530157500000130005995 CROSBY CR VESTUARIO LTDA            CDS0000000000000000000   N1808202518082025000000000001543272C2093988PIX RECEBIDO             00000017177680000116           194100  
0330002300257E   217177680000116003315750087004830530157500000130005995 CROSBY CR VESTUARIO LTDA            CDS0000000000000000000   N1808202518082025000000000001452746D1073789DEBITO EMPRESTIMO        023610PARC 004/030 300000023610194100  
0330002300258E   217177680000116003315750087004830530157500000130005995 CROSBY CR VESTUARIO LTDA            CDS0000000000000000000   N1808202518082025000000000000000221D1052566TARIFA MANUTENCAO TIT VEN198388                         004600  
03300035         217177680000116000000000000025236950157500000130005995                 00000000000000000000000000000261400000000000000000000018082025000000000000090305DP0000080000000000015434930000000000016266060000000000000000000000000000
03399999         000001000010000001                                                                                                                                                                                                             
