23700000         217177680000116000000000000000802930282150000002493748 CROSBY DISTRIBUICAO E CONFECCABRADESCO S/A                            21908202507104600007805001600                                                         80293       
23700781E0440050 217177680000116000000000000000802930282150000002493748 CROSBY DISTRIBUICAO E CONFECCA                                        15082025000000000000000383CFBRL00078                                                              
2370002300001E0  217177680000116000000000000000802930282150000002493748 CROSBY DISTRIBUICAO E CONFECCA      CDS00                    S1508202515082025000000000000005985C2062571RESGATE INVEST FACIL     3188667                                
2370003300002E0  217177680000116000000000000000802930282150000002493748 CROSBY DISTRIBUICAO E CONFECCA      CDS00                    S1508202515082025000000000000000003C2062571RESGATE INVEST FACIL     3188667                                
23700045         217177680000116000000000000000802930282150000002493748                 00000000000000000000000000000000000000000000000000000015082025000000000000006371CP000004000000000000000000000000000000005988                            
23799999         000004000006000001                                                                                                                                                                                                             
