03300000         217177680000116003315750087004830530157500000130005995 CROSBY CR VESTUARIO LTDA      SANTANDER BANESPA                       22008202505185800082609001600                                                                     
03300011E0440033 217177680000116003315750087004830530157500000130005995 CROSBY CR VESTUARIO LTDA                                              18082025000000000002523695DFBRL00826000000000000000000000000000000000000                          
0330002300253E   217177680000116003315750087004830530157500000130005995 CROSBY CR VESTUARIO LTDA            CDS0000000000000000000   N1908202519082025000000000000001547D1052566TARIFA MANUTENCAO TIT VEN198388                         000700  
0330002300254E   217177680000116003315750087004830530157500000130005995 CROSBY CR VESTUARIO LTDA            CDS0000000000000000000   N1908202519082025000000000000000884D1052566TARIFA MANUTENCAO TIT VEN198388                         000700  
0330002300255E   217177680000116003315750087004830530157500000130005995 CROSBY CR VESTUARIO LTDA            CDS0000000000000000000   N1908202519082025000000000000000225D1053020TAR LIQ COB COM REG COMPE198388                         000700  
03300035         217177680000116000000000000025263510157500000130005995                 00000000000000000000000000000261400000000000000000000019082025000000000000087649DP0000050000000000000026560000000000000000000000000000000000000000000000
03399999         000001000007000001                                                                                                                                                                                                             
