00100000         2171776800001168415011800006       0153340000000587117 CROSBY D CONFECCAO LTDA       BANCO DO BRASIL S.A.                    21208202503012600112003001600518938903                                                            
00100011E0440020 2171776800001168415011800006       0153340000000587117 CROSBY D CONFECCAO LTDA                                               11082025000000000000091166CFBRL00122                                                              
0010001300001E   2171776800001168415011800006       0153340000000587117 CROSBY D CONFECCAO LTDA                                      S1208202512082025000000000001544695C2020624COBRANCA                 112241000004899                        
0010001300002E   2171776800001168415011800006       0153340000000587117 CROSBY D CONFECCAO LTDA                                      S1108202512082025000000000000000086D1070177DEB SERV COBRAN          002229135008050                        
0010001300003E   2171776800001168415011800006       0153340000000587117 CROSBY D CONFECCAO LTDA                                      S1108202512082025000000000000000060D1070177DEB SERV COBRAN          002229135008059                        
0010001300004E   2171776800001168415011800006       0153340000000587117 CROSBY D CONFECCAO LTDA                                      S1208202512082025000000000000500000D1170144PIX - ENVIADO            0081201                                
0010001300005E   2171776800001168415011800006       0153340000000587117 CROSBY D CONFECCAO LTDA                                      S1208202512082025000000000000000099D1040124COBRANCA                 001811117017019                        
0010001300006E   2171776800001168415011800006       0153340000000587117 CROSBY D CONFECCAO LTDA                                      S1208202512082025000000000000000297D1040124COBRANCA                 001811117017019                        
0010001300007E   2171776800001168415011800006       0153340000000587117 CROSBY D CONFECCAO LTDA                                      S1208202512082025000000000000000605D1040124COBRANCA                 001811117017019                        
0010001300008E   2171776800001168415011800006       0153340000000587117 CROSBY D CONFECCAO LTDA                                      S1208202512082025000000000000000125D1050263TARIFA EXTRATO           882241200046989                        
0010001300009E   2171776800001168415011800006       0153340000000587117 CROSBY D CONFECCAO LTDA                                      S1208202512082025000000000000000327D1040258TARIFA PIX               892241200196639                        
00100015         2171776800001168415011800006       0153340000000587117 CROSBY D CONFECCAO LTDA           00000000000010000000000000000000000012082025000000000001134262CF000011000000000000501599000000000001544695                            
00199999         000001000013000001                                                                                                                                                                                                             
