34100000         227728810000549               72486003822000000098141 3FABIO FERREIRA DE LIMA AZEVEDOBANCO ITAU S/A                          21408202503274100018305000000                                                                     
34100011E0440050 227728810000549               72486003822000000098141 3FABIO FERREIRA DE LIMA AZEVEDO                                        12082025000000000000011971CPBRL00183                                                              
3410001300001E1  227728810000549000000         72486003822000000098141 3FABIO FERREIRA DE LIMA AZEVEDO      DPV0100009127000000000000S        13082025000000000000027542C2050093REDE   ELO  AT0096842334                                  000000
3410001300002E1  227728810000549000000         72486003822000000098141 3FABIO FERREIRA DE LIMA AZEVEDO      DPV0100009925000000000000S        13082025000000000000035902C2050093REDE   MAST AT0096842334                                  000000
3410001300003E1  227728810000549000000         72486003822000000098141 3FABIO FERREIRA DE LIMA AZEVEDO      DPV0100009121000000000000S        13082025000000000000017362C2050093REDE   VISA DB0096842334                                  000000
3410001300004E1  227728810000549000000         72486003822000000098141 3FABIO FERREIRA DE LIMA AZEVEDO      DPV0100009129000000000000S        13082025000000000000027056C2050093REDE   VISA AT0096842334                                  000000
34100015         227728810000549               72486003822000000098141 3                00000000000000000000000000000000000000000000000000000013082025000000000000119833CP0000060000000000000000000000000000001078620000000000000000000000000000
34199999         000001000008000001                                                                                                                                                                                                             
