03300000         217177680000116003315750087004830530157500000130005995 CROSBY CR VESTUARIO LTDA      SANTANDER BANESPA                       21308202505422900082109001600                                                                     
03300011E0440033 217177680000116003315750087004830530157500000130005995 CROSBY CR VESTUARIO LTDA                                              11082025000000000002613900DFBRL00821000000000000097141000000000000000000                          
0330002300271E   217177680000116003315750087004830530157500000130005995 CROSBY CR VESTUARIO LTDA            CDS0000000000000000000   N1208202512082025000000000000495135C2131320TRANSF VALORES MESMA TITU000000                         064300  
0330002300272E   217177680000116003315750087004830530157500000130005995 CROSBY CR VESTUARIO LTDA            CDS0000000000000000000   N1208202512082025000000000000000884D1052566TARIFA MANUTENCAO TIT VEN198388                         000400  
0330002300273E   217177680000116003315750087004830530157500000130005995 CROSBY CR VESTUARIO LTDA            CDS0000000000000000000   N1208202512082025000000000000000450D1053020TAR LIQ COB COM REG COMPE198388                         000400  
0330002300274E   217177680000116003315750087004830530157500000130005995 CROSBY CR VESTUARIO LTDA            CDS0000000000000000000   N1208202512082025000000000000000450D1054166TAR LIQ COB CORBAN DIGITA198388                         000400  
03300035         217177680000116000000000000021205490157500000130005995                 00000000000000000000000000000261400000000000000000000012082025000000000000493451DP0000060000000000000017840000000000004951350000000000000000000000000000
03399999         000001000008000001                                                                                                                                                                                                             
