74800000         233592092000103                    0220710000000367346 IRMAOS CR VESTUARIO LTDA      COOP. CRED. SICREDI RIO GRANDE          223072025043407128660087                                                                          
74800011E0440032 233592092000103                    0220710000000367346 IRMAOS CR VESTUARIO LTDA                                              22072025000000000000626610CPBRL00255                                                              
7480001300001E   233592092000103                    0220710000000367346 IRMAOS CR VESTUARIO LTDA            DPV0174822071            N2307202523072025000000000000621076D1040347DEB.CTA.FATURA           329952054                              
7480001300002E   233592092000103                    0220710000000367346 IRMAOS CR VESTUARIO LTDA            DPV0174822071            N2307202523072025000000000000500000D1200PX1PAGAMENTO PIX            PIX_DEB   33592092000103 CROSBY        
7480001300003E   233592092000103                    0220710000000367346 IRMAOS CR VESTUARIO LTDA            DPV0174822071            N2307202523072025000000000000250000C2090RX1RECEBIMENTO PIX          PIX_CRED  17177680000116 CROSBY CR VEST
7480001300004E   233592092000103                    0220710000000367346 IRMAOS CR VESTUARIO LTDA            DPV0174822071            N2307202523072025000000000000150000C2090RX1RECEBIMENTO PIX          PIX_CRED  27728810000549 FABIO FERREIRA
7480001300005E   233592092000103                    0220710000000367346 IRMAOS CR VESTUARIO LTDA            DPV0174822071            N2307202523072025000000000000100000C2090RX1RECEBIMENTO PIX          PIX_CRED  53661116000138 FLAVIO FERREIR
74800015         233592092000103                    0220710000000367346                 00000000000000000000000000000200000000000000000000000023072025000000000000005534CP000007000000000001121076000000000000500000                            
74899999         000001000009000001                                                                                                                                                                                                             
