13600000         273750424000147000000000000000000000601270000000068500 Unicred Integração            Unicred do Brasil                       20408202506150600008603000000                                                      000            
13600011E0440020 217177680000116000000000000000000000601270000000068500 CROSBY                                                                31072025000000000000468790DFBRL00680                                                              
1360001300001E   217177680000116000000000000000000000601270000000068500 CROSBY                                                                01082025000000000000002750D1046052PJ CONTA PJ 2            0                                      
13600015         217177680000116000000000000000000000601270000000068500 CROSBY                            00000000000050000000000000000000000001082025000000000000471540DF000003000000000000002750000000000000000000                            
13699999         000001000005000001                                                                                                                                                                                                             
